@article{Brower:Cog,
 ISSN = {00222909},
 URL = {http://www.jstor.org/stable/3090681},
 author = {Candace Brower},
 journal = {Journal of Music Theory},
 number = {2},
 pages = {323--379},
 publisher = {[Duke University Press, Yale University Department of Music]},
 title = {A Cognitive Theory of Musical Meaning},
 urldate = {2024-02-06},
 volume = {44},
 year = {2000}
}
